<?xml version="1.0" encoding="UTF-8"?><record xmlns="http://www.loc.gov/MARC21/slim" xmlns:cinclude="http://apache.org/cocoon/include/1.0" xmlns:zs="http://www.loc.gov/zing/srw/">
  <leader>00393cz  a2200133n  4500</leader>
  <controlfield tag="001">n  82009008 </controlfield>
  <controlfield tag="003">DLC</controlfield>
  <controlfield tag="005">20141208103114.0</controlfield>
  <controlfield tag="008">820201n| azannaab           |n aaa      </controlfield>
  <datafield tag="010" ind1=" " ind2=" ">
    <subfield code="a">n  82009008 </subfield>
  </datafield>
  <datafield tag="040" ind1=" " ind2=" ">
    <subfield code="a">DLC</subfield>
    <subfield code="b">eng</subfield>
    <subfield code="e">rda</subfield>
    <subfield code="c">DLC</subfield>
    <subfield code="d">DLC</subfield>
  </datafield>
  <datafield tag="046" ind1=" " ind2=" ">
    <subfield code="f">1940</subfield>
  </datafield>
  <datafield tag="100" ind1="1" ind2=" ">
    <subfield code="a">Wada, Kazuo,</subfield>
    <subfield code="d">1940-</subfield>
  </datafield>
  <datafield tag="670" ind1=" " ind2=" ">
    <subfield code="a">His Wada Kazuo kirie gashuĚ, 1981:</subfield>
    <subfield code="b">t.p. (Wada Kazuo) p. 199 (r; b. 7/ShoĚwa 15; w. Gekidan Gendai)</subfield>
  </datafield>
</record>